%% Created using Papers on Thu, 06 Dec 2012.
%% http://mekentosj.com/papers/

@article{Benkman2008,
author = {Benkman, Craig W and Siepielski, Adam M and Parchman, Thomas L},
title = {{The local introduction of strongly interacting species and the loss of geographic variation in species and species interactions}},
journal = {Molecular Ecology},
year = {2008},
volume = {17},
number = {1},
pages = {395--404},
month = jan
}

@article{Critchfield1980,
author = {Critchfield, W. B.},
title = {{The genetics of lodgepole pine}},
journal = {Research Paper, USDA Forest Service, Washington, DC USA},
year = {1980},
volume = {WO-37}
}

@article{Kashian2005,
author = {Kashian, D. M. and Turner, M. G. and Romme, W. H.},
title = {{Variability in leaf area and stemwood increment along a 300-year lodgepole pine chronosequence}},
journal = {Ecosystems},
year = {2005},
volume = {8},
number = {1},
pages = {48--61}
}

@inproceedings{Lotan1976,
author = {Lotan, J E},
title = {{Cone serotiny-fire relationships in lodgepole pine}},
booktitle = {Tall Timbers Fire Ecology Conference Proceedings},
year = {1976},
pages = {267--278},
address = {Tallahassee, FL}
}

@article{vanMantgem2009,
author = {Van Mantgem, P.J. and Stephenson, N.L. and Byrne, J.C. and Daniels, L.D. and Franklin, J.F. and Ful{\'e}, P.Z. and Harmon, M.E. and Larson, A.J. and Smith, J.M. and Taylor, A.H.},
title = {{Widespread increase of tree mortality rates in the western United States}},
journal = {Science},
year = {2009},
volume = {323},
number = {5913},
pages = {521--524}
}

@article{Ricker1954,
author = {Ricker, W E},
title = {{Stock and Recruitment}},
journal = {Journal of the Fisheries Research Board of Canada},
year = {1954},
volume = {11},
number = {5},
pages = {559--623}
}

@article{Schoennagel2003,
author = {Schoennagel, T. and Turner, M. G. and Romme, W. H.},
title = {{The influence of fire interval and serotiny on postfire lodgepole pine density in Yellowstone National Park}},
journal = {Ecology},
year = {2003},
volume = {84},
number = {11},
pages = {2967--2978}
}

@article{StewartKoster:2012kz,
author = {Stewart-Koster, Ben and Boone, Edward L and Kennard, Mark J and Sheldon, Fran and Bunn, Stuart E and Olden, Julian D},
title = {{Incorporating ecological principles into statistical models for the prediction of species' distribution and abundance}},
journal = {Ecography},
year = {2012},
pages = {no--no},
month = sep
}

@article{Turcotte2012,
author = {Turcotte, M M and Corrin, M S C and Johnson, M T J},
title = {{Adaptive Evolution in Ecological Communities}},
journal = {PLoS Biology},
year = {2012},
volume = {10},
number = {5},
pages = {e1001332}
}

@article{Turner1994,
author = {Turner, M. G. and Romme, W. H.},
title = {{Landscape dynamics in crown fire ecosystems}},
journal = {Landscape Ecology},
year = {1994},
volume = {9},
number = {1},
pages = {59--77}
}

@article{Turner2003,
author = {Turner, Monica G and Romme, William H and Tinker, Daniel B},
title = {{Surprises and lessons from the 1988 Yellowstone fires}},
journal = {Frontiers in Ecology and the Environment},
year = {2003},
volume = {1},
number = {7},
pages = {351--358}
}

